@online{mqtt,
	title = "MQTT is an OASIS standard messaging protocol for the Internet of Things (IoT)",
	url = "https://mqtt.org",
}

@online{influxdb,
	title = "InfluxDB is a high-speed read and write database",
	url = "https://www.influxdata.com",
}

@online{grafana,
	title = "Grafana is the open source analytics and monitoring solution for every database",
	url = "https://grafana.com",
}


@online{adafruit-dht,
	title = "CircuitPython support for the DHT11 and DHT22 temperature and humidity devices.",
	url = "https://github.com/adafruit/Adafruit_CircuitPython_DHT",
}

@online{picamera2,
	title = "Picamera2 is a Python library that gives convenient access to the camera system of the Raspberry Pi.",
	url = "https://github.com/raspberrypi/picamera2",
}

@online{yolo11,
	title = "Train AI models in seconds with Ultralytics YOLO.",
	url = "https://github.com/ultralytics/ultralytics",
}

